@inproceedings{Narayanan:2008,
 author = {Narayanan, Arvind and Shmatikov, Vitaly},
 title = {Robust De-anonymization of Large Sparse Datasets},
 booktitle = {Proceedings of the 2008 IEEE Symposium on Security and Privacy},
 series = {SP '08},
 year = {2008},
 pages = {111--125},
 numpages = {15}
}

@article{Sweeney:2002,
 author = {Sweeney, Latanya},
 title = {K-anonymity: A Model for Protecting Privacy},
 journal = {International Journal of Uncertainty, Fuzziness and Knowledge-Based Systems},
 volume = {10},
 number = {5},
 year = {2002},
 pages = {557--570},
 numpages = {14}
}

@article{Dalenius:1986,
    author = {Dalenius, Tore},
    journal = {Journal of Official Statistics},
    number = {3},
    pages = {329--336},
    title = {Finding a Needle In a Haystack or Identifying Anonymous Census Records},
    volume = {2},
    year = {1986}
}

@inproceedings{Meyerson:2004,
 author = {Meyerson, Adam and Williams, Ryan},
 title = {On the Complexity of Optimal K-anonymity},
 booktitle = {Proceedings of the Twenty-third ACM SIGMOD-SIGACT-SIGART Symposium on Principles of Database Systems},
 series = {PODS '04},
 year = {2004},
 pages = {223--228},
 numpages = {6}
}

@inproceedings{Aggarwal:2005,
booktitle = {Proceedings of the International Conference on Database Theory},
   title = {Approximation Algorithms for k-Anonymity},
  author = {Gagan Aggarwal and Tomas Feder and Krishnaram Kenthapadi and Rajeev Motwani and Rina Panigrahy and Dilys Thomas and An Zhu},
    year = {2005},
 journal = {Journal of Privacy Technology (JOPT)}
}

@InProceedings{Dondi:2009,
author="Bonizzoni, Paola
and Della Vedova, Gianluca
and Dondi, Riccardo",
editor="Kuty{\l}owski, Miros{\l}aw
and Charatonik, Witold
and G{\k{e}}bala, Maciej",
title="The k-Anonymity Problem Is Hard",
booktitle="Fundamentals of Computation Theory",
year="2009",
publisher="Springer Berlin Heidelberg",
address="Berlin, Heidelberg",
pages="26--37"
}

@inproceedings{Blocki:2010,
 author = {Blocki, Jeremiah and Williams, Ryan},
 title = {Resolving the Complexity of Some Data Privacy Problems},
 booktitle = {Proceedings of the 37th International Colloquium Conference on Automata, Languages and Programming: Part II},
 series = {ICALP'10},
 year = {2010},
 pages = {393--404},
 numpages = {12}
}

@book{Garey:1990,
 author = {Garey, Michael R. and Johnson, David S.},
 title = {Computers and Intractability; A Guide to the Theory of NP-Completeness},
 year = {1990},
 publisher = {W. H. Freeman \& Co.},
 address = {New York, NY, USA},
}
